%YAML 1.1
%TAG !u! tag:unity3d.com,2011:
--- !u!1 &161120
GameObject:
  m_ObjectHideFlags: 0
  m_PrefabParentObject: {fileID: 0}
  m_PrefabInternal: {fileID: 100100000}
  serializedVersion: 4
  m_Component:
  - 4: {fileID: 470152}
  - 205: {fileID: 20543536}
  - 65: {fileID: 6596216}
  - 54: {fileID: 5462014}
  - 114: {fileID: 11431728}
  - 148: {fileID: 14817966}
  m_Layer: 13
  m_Name: pipewrench
  m_TagString: Item
  m_Icon: {fileID: 0}
  m_NavMeshLayer: 0
  m_StaticEditorFlags: 0
  m_IsActive: 1
--- !u!1 &166758
GameObject:
  m_ObjectHideFlags: 0
  m_PrefabParentObject: {fileID: 0}
  m_PrefabInternal: {fileID: 100100000}
  serializedVersion: 4
  m_Component:
  - 4: {fileID: 413268}
  - 33: {fileID: 3376916}
  - 23: {fileID: 2345370}
  m_Layer: 13
  m_Name: Model_1
  m_TagString: Untagged
  m_Icon: {fileID: 0}
  m_NavMeshLayer: 0
  m_StaticEditorFlags: 0
  m_IsActive: 1
--- !u!1 &191032
GameObject:
  m_ObjectHideFlags: 0
  m_PrefabParentObject: {fileID: 0}
  m_PrefabInternal: {fileID: 100100000}
  serializedVersion: 4
  m_Component:
  - 4: {fileID: 433970}
  - 33: {fileID: 3391006}
  - 23: {fileID: 2346484}
  m_Layer: 13
  m_Name: Model_0
  m_TagString: Untagged
  m_Icon: {fileID: 0}
  m_NavMeshLayer: 0
  m_StaticEditorFlags: 0
  m_IsActive: 1
--- !u!4 &413268
Transform:
  m_ObjectHideFlags: 1
  m_PrefabParentObject: {fileID: 0}
  m_PrefabInternal: {fileID: 100100000}
  m_GameObject: {fileID: 166758}
  m_LocalRotation: {x: 1, y: -0.00000048876205, z: -0.00000048876205, w: 2.3888834e-13}
  m_LocalPosition: {x: 0, y: 0, z: 0}
  m_LocalScale: {x: 1, y: 1, z: 1}
  m_Children: []
  m_Father: {fileID: 470152}
  m_RootOrder: 1
--- !u!4 &433970
Transform:
  m_ObjectHideFlags: 1
  m_PrefabParentObject: {fileID: 0}
  m_PrefabInternal: {fileID: 100100000}
  m_GameObject: {fileID: 191032}
  m_LocalRotation: {x: 1, y: -0.00000048876205, z: -0.00000048876205, w: 2.3888834e-13}
  m_LocalPosition: {x: 0, y: 0, z: 0}
  m_LocalScale: {x: 1, y: 1, z: 1}
  m_Children: []
  m_Father: {fileID: 470152}
  m_RootOrder: 0
--- !u!4 &470152
Transform:
  m_ObjectHideFlags: 1
  m_PrefabParentObject: {fileID: 0}
  m_PrefabInternal: {fileID: 100100000}
  m_GameObject: {fileID: 161120}
  m_LocalRotation: {x: 0, y: 0, z: 0, w: 1}
  m_LocalPosition: {x: 0, y: 0, z: 0}
  m_LocalScale: {x: 1, y: 1, z: 1}
  m_Children:
  - {fileID: 433970}
  - {fileID: 413268}
  m_Father: {fileID: 0}
  m_RootOrder: 0
--- !u!23 &2345370
MeshRenderer:
  m_ObjectHideFlags: 1
  m_PrefabParentObject: {fileID: 0}
  m_PrefabInternal: {fileID: 100100000}
  m_GameObject: {fileID: 166758}
  m_Enabled: 1
  m_CastShadows: 1
  m_ReceiveShadows: 1
  m_Materials:
  - {fileID: 2100000, guid: 95b6b26e992de2a45bdd6220510b4319, type: 2}
  m_SubsetIndices: 
  m_StaticBatchRoot: {fileID: 0}
  m_UseLightProbes: 1
  m_ReflectionProbeUsage: 1
  m_ProbeAnchor: {fileID: 0}
  m_ScaleInLightmap: 0.39968273
  m_PreserveUVs: 0
  m_IgnoreNormalsForChartDetection: 0
  m_ImportantGI: 0
  m_MinimumChartSize: 4
  m_AutoUVMaxDistance: 0.5
  m_AutoUVMaxAngle: 89
  m_LightmapParameters: {fileID: 0}
  m_SortingLayerID: 0
  m_SortingOrder: 0
--- !u!23 &2346484
MeshRenderer:
  m_ObjectHideFlags: 1
  m_PrefabParentObject: {fileID: 0}
  m_PrefabInternal: {fileID: 100100000}
  m_GameObject: {fileID: 191032}
  m_Enabled: 1
  m_CastShadows: 1
  m_ReceiveShadows: 1
  m_Materials:
  - {fileID: 2100000, guid: 95b6b26e992de2a45bdd6220510b4319, type: 2}
  m_SubsetIndices: 
  m_StaticBatchRoot: {fileID: 0}
  m_UseLightProbes: 1
  m_ReflectionProbeUsage: 1
  m_ProbeAnchor: {fileID: 0}
  m_ScaleInLightmap: 1
  m_PreserveUVs: 0
  m_IgnoreNormalsForChartDetection: 0
  m_ImportantGI: 0
  m_MinimumChartSize: 4
  m_AutoUVMaxDistance: 0.5
  m_AutoUVMaxAngle: 89
  m_LightmapParameters: {fileID: 0}
  m_SortingLayerID: 0
  m_SortingOrder: 0
--- !u!33 &3376916
MeshFilter:
  m_ObjectHideFlags: 1
  m_PrefabParentObject: {fileID: 0}
  m_PrefabInternal: {fileID: 100100000}
  m_GameObject: {fileID: 166758}
  m_Mesh: {fileID: 4300002, guid: 7e2bc5b7022edbf45854c85ccc541744, type: 3}
--- !u!33 &3391006
MeshFilter:
  m_ObjectHideFlags: 1
  m_PrefabParentObject: {fileID: 0}
  m_PrefabInternal: {fileID: 100100000}
  m_GameObject: {fileID: 191032}
  m_Mesh: {fileID: 4300000, guid: 7e2bc5b7022edbf45854c85ccc541744, type: 3}
--- !u!54 &5462014
Rigidbody:
  m_ObjectHideFlags: 1
  m_PrefabParentObject: {fileID: 0}
  m_PrefabInternal: {fileID: 100100000}
  m_GameObject: {fileID: 161120}
  serializedVersion: 2
  m_Mass: 5
  m_Drag: 0.1
  m_AngularDrag: 10
  m_UseGravity: 1
  m_IsKinematic: 1
  m_Interpolate: 0
  m_Constraints: 0
  m_CollisionDetection: 0
--- !u!65 &6596216
BoxCollider:
  m_ObjectHideFlags: 1
  m_PrefabParentObject: {fileID: 0}
  m_PrefabInternal: {fileID: 100100000}
  m_GameObject: {fileID: 161120}
  m_Material: {fileID: 13400000, guid: a0024cb2e1656fd4580bd1b7a3daf594, type: 2}
  m_IsTrigger: 1
  m_Enabled: 1
  serializedVersion: 2
  m_Size: {x: 0.23016569, y: 0.05502963, z: 0.8421793}
  m_Center: {x: -0.011971116, y: 0.0015488863, z: -0.24488759}
--- !u!114 &11431728
MonoBehaviour:
  m_ObjectHideFlags: 1
  m_PrefabParentObject: {fileID: 0}
  m_PrefabInternal: {fileID: 100100000}
  m_GameObject: {fileID: 161120}
  m_Enabled: 1
  m_EditorHideFlags: 0
  m_Script: {fileID: 11500000, guid: 1a3213c9135ad124e9b88a826915111a, type: 3}
  m_Name: 
  m_EditorClassIdentifier: 
  isProjectile: 0
  owner: {fileID: 0}
--- !u!148 &14817966
NetworkView:
  m_ObjectHideFlags: 1
  m_PrefabParentObject: {fileID: 0}
  m_PrefabInternal: {fileID: 100100000}
  m_GameObject: {fileID: 161120}
  m_Enabled: 1
  m_StateSynchronization: 0
  m_Observed: {fileID: 0}
  m_ViewID:
    m_ID: 0
    m_Type: 0
--- !u!205 &20543536
LODGroup:
  m_ObjectHideFlags: 1
  m_PrefabParentObject: {fileID: 0}
  m_PrefabInternal: {fileID: 100100000}
  m_GameObject: {fileID: 161120}
  serializedVersion: 2
  m_LocalReferencePoint: {x: -0.022524953, y: 0.000000022351742, z: -0.46455896}
  m_Size: 1.4381244
  m_FadeMode: 0
  m_AnimateCrossFading: 0
  m_LODs:
  - screenRelativeHeight: 0.39968273
    fadeTransitionWidth: 0
    renderers:
    - renderer: {fileID: 2346484}
  - screenRelativeHeight: 0.004568686
    fadeTransitionWidth: 0
    renderers:
    - renderer: {fileID: 2345370}
  m_Enabled: 1
--- !u!1001 &100100000
Prefab:
  m_ObjectHideFlags: 1
  serializedVersion: 2
  m_Modification:
    m_TransformParent: {fileID: 0}
    m_Modifications:
    - target: {fileID: 0}
      propertyPath: m_LocalPosition.y
      value: 0
      objectReference: {fileID: 0}
    - target: {fileID: 0}
      propertyPath: m_StateSynchronization
      value: 0
      objectReference: {fileID: 0}
    - target: {fileID: 0}
      propertyPath: m_Observed
      value: 
      objectReference: {fileID: 0}
    - target: {fileID: 0}
      propertyPath: m_Mass
      value: 5
      objectReference: {fileID: 0}
    - target: {fileID: 0}
      propertyPath: m_Drag
      value: .100000001
      objectReference: {fileID: 0}
    - target: {fileID: 0}
      propertyPath: m_AngularDrag
      value: 10
      objectReference: {fileID: 0}
    - target: {fileID: 0}
      propertyPath: m_Material
      value: 
      objectReference: {fileID: 13400000, guid: a0024cb2e1656fd4580bd1b7a3daf594,
        type: 2}
    - target: {fileID: 0}
      propertyPath: m_IsKinematic
      value: 1
      objectReference: {fileID: 0}
    - target: {fileID: 0}
      propertyPath: m_IsTrigger
      value: 1
      objectReference: {fileID: 0}
    - target: {fileID: 0}
      propertyPath: m_LocalPosition.x
      value: 0
      objectReference: {fileID: 0}
    - target: {fileID: 0}
      propertyPath: m_LocalPosition.z
      value: 0
      objectReference: {fileID: 0}
    - target: {fileID: 0}
      propertyPath: m_Layer
      value: 13
      objectReference: {fileID: 0}
    - target: {fileID: 0}
      propertyPath: m_TagString
      value: Item
      objectReference: {fileID: 0}
    - target: {fileID: 0}
      propertyPath: id
      value: 2
      objectReference: {fileID: 0}
    - target: {fileID: 0}
      propertyPath: m_LODs.Array.data[1].screenRelativeHeight
      value: 0.004568686
      objectReference: {fileID: 0}
    - target: {fileID: 0}
      propertyPath: m_ScaleInLightmap
      value: 0.39968273
      objectReference: {fileID: 0}
    m_RemovedComponents: []
  m_ParentPrefab: {fileID: 0}
  m_RootGameObject: {fileID: 161120}
  m_IsPrefabParent: 1
