%YAML 1.1
%TAG !u! tag:unity3d.com,2011:
--- !u!1 &125676
GameObject:
  m_ObjectHideFlags: 0
  m_PrefabParentObject: {fileID: 0}
  m_PrefabInternal: {fileID: 100100000}
  serializedVersion: 4
  m_Component:
  - 4: {fileID: 405158}
  m_Layer: 15
  m_Name: Icon
  m_TagString: Untagged
  m_Icon: {fileID: 0}
  m_NavMeshLayer: 0
  m_StaticEditorFlags: 0
  m_IsActive: 1
--- !u!1 &144244
GameObject:
  m_ObjectHideFlags: 0
  m_PrefabParentObject: {fileID: 0}
  m_PrefabInternal: {fileID: 100100000}
  serializedVersion: 4
  m_Component:
  - 4: {fileID: 478438}
  - 33: {fileID: 3397994}
  - 23: {fileID: 2381874}
  m_Layer: 15
  m_Name: Model_1
  m_TagString: Untagged
  m_Icon: {fileID: 0}
  m_NavMeshLayer: 0
  m_StaticEditorFlags: 0
  m_IsActive: 1
--- !u!1 &147284
GameObject:
  m_ObjectHideFlags: 0
  m_PrefabParentObject: {fileID: 0}
  m_PrefabInternal: {fileID: 100100000}
  serializedVersion: 4
  m_Component:
  - 4: {fileID: 413306}
  - 33: {fileID: 3361762}
  - 23: {fileID: 2325218}
  m_Layer: 15
  m_Name: Model_0
  m_TagString: Untagged
  m_Icon: {fileID: 0}
  m_NavMeshLayer: 0
  m_StaticEditorFlags: 0
  m_IsActive: 1
--- !u!1 &178304
GameObject:
  m_ObjectHideFlags: 0
  m_PrefabParentObject: {fileID: 0}
  m_PrefabInternal: {fileID: 100100000}
  serializedVersion: 4
  m_Component:
  - 4: {fileID: 429828}
  - 33: {fileID: 3363090}
  - 23: {fileID: 2327050}
  m_Layer: 15
  m_Name: Model_2
  m_TagString: Untagged
  m_Icon: {fileID: 0}
  m_NavMeshLayer: 0
  m_StaticEditorFlags: 0
  m_IsActive: 1
--- !u!1 &195254
GameObject:
  m_ObjectHideFlags: 0
  m_PrefabParentObject: {fileID: 0}
  m_PrefabInternal: {fileID: 100100000}
  serializedVersion: 4
  m_Component:
  - 4: {fileID: 497568}
  - 205: {fileID: 20528932}
  - 114: {fileID: 11491096}
  m_Layer: 15
  m_Name: ushanka
  m_TagString: Untagged
  m_Icon: {fileID: 0}
  m_NavMeshLayer: 0
  m_StaticEditorFlags: 0
  m_IsActive: 1
--- !u!4 &405158
Transform:
  m_ObjectHideFlags: 1
  m_PrefabParentObject: {fileID: 0}
  m_PrefabInternal: {fileID: 100100000}
  m_GameObject: {fileID: 125676}
  m_LocalRotation: {x: 0, y: -1, z: 0, w: -1.62920685e-07}
  m_LocalPosition: {x: 0, y: 0, z: 2}
  m_LocalScale: {x: 1, y: 1, z: 1}
  m_Children: []
  m_Father: {fileID: 497568}
  m_RootOrder: 3
--- !u!4 &413306
Transform:
  m_ObjectHideFlags: 1
  m_PrefabParentObject: {fileID: 0}
  m_PrefabInternal: {fileID: 100100000}
  m_GameObject: {fileID: 147284}
  m_LocalRotation: {x: -5.96046448e-08, y: 0, z: -0, w: 1}
  m_LocalPosition: {x: 0, y: 0, z: 0}
  m_LocalScale: {x: 1, y: 1, z: 1}
  m_Children: []
  m_Father: {fileID: 497568}
  m_RootOrder: 0
--- !u!4 &429828
Transform:
  m_ObjectHideFlags: 1
  m_PrefabParentObject: {fileID: 0}
  m_PrefabInternal: {fileID: 100100000}
  m_GameObject: {fileID: 178304}
  m_LocalRotation: {x: -5.96046448e-08, y: 0, z: -0, w: 1}
  m_LocalPosition: {x: 0, y: 0, z: 0}
  m_LocalScale: {x: 1, y: 1, z: 1}
  m_Children: []
  m_Father: {fileID: 497568}
  m_RootOrder: 2
--- !u!4 &478438
Transform:
  m_ObjectHideFlags: 1
  m_PrefabParentObject: {fileID: 0}
  m_PrefabInternal: {fileID: 100100000}
  m_GameObject: {fileID: 144244}
  m_LocalRotation: {x: -5.96046448e-08, y: 0, z: -0, w: 1}
  m_LocalPosition: {x: 0, y: 0, z: 0}
  m_LocalScale: {x: 1, y: 1, z: 1}
  m_Children: []
  m_Father: {fileID: 497568}
  m_RootOrder: 1
--- !u!4 &497568
Transform:
  m_ObjectHideFlags: 1
  m_PrefabParentObject: {fileID: 0}
  m_PrefabInternal: {fileID: 100100000}
  m_GameObject: {fileID: 195254}
  m_LocalRotation: {x: -5.96046448e-08, y: 0, z: -0, w: 1}
  m_LocalPosition: {x: 0, y: 0, z: 0}
  m_LocalScale: {x: 1, y: 1, z: 1}
  m_Children:
  - {fileID: 413306}
  - {fileID: 478438}
  - {fileID: 429828}
  - {fileID: 405158}
  m_Father: {fileID: 0}
  m_RootOrder: 0
--- !u!23 &2325218
MeshRenderer:
  m_ObjectHideFlags: 1
  m_PrefabParentObject: {fileID: 0}
  m_PrefabInternal: {fileID: 100100000}
  m_GameObject: {fileID: 147284}
  m_Enabled: 1
  m_CastShadows: 1
  m_ReceiveShadows: 1
  m_Materials:
  - {fileID: 2100000, guid: 6ee33daf1a285284eae4183d65e6f18e, type: 2}
  - {fileID: 2100000, guid: a4cf52e63f0958a48b7bc18d1b0d157e, type: 2}
  m_SubsetIndices: 
  m_StaticBatchRoot: {fileID: 0}
  m_UseLightProbes: 1
  m_ReflectionProbeUsage: 1
  m_ProbeAnchor: {fileID: 0}
  m_ScaleInLightmap: 1
  m_PreserveUVs: 0
  m_IgnoreNormalsForChartDetection: 0
  m_ImportantGI: 0
  m_MinimumChartSize: 4
  m_AutoUVMaxDistance: .5
  m_AutoUVMaxAngle: 89
  m_LightmapParameters: {fileID: 0}
  m_SortingLayerID: 0
  m_SortingOrder: 0
--- !u!23 &2327050
MeshRenderer:
  m_ObjectHideFlags: 1
  m_PrefabParentObject: {fileID: 0}
  m_PrefabInternal: {fileID: 100100000}
  m_GameObject: {fileID: 178304}
  m_Enabled: 1
  m_CastShadows: 1
  m_ReceiveShadows: 1
  m_Materials:
  - {fileID: 2100000, guid: a4cf52e63f0958a48b7bc18d1b0d157e, type: 2}
  - {fileID: 2100000, guid: 6ee33daf1a285284eae4183d65e6f18e, type: 2}
  m_SubsetIndices: 
  m_StaticBatchRoot: {fileID: 0}
  m_UseLightProbes: 1
  m_ReflectionProbeUsage: 1
  m_ProbeAnchor: {fileID: 0}
  m_ScaleInLightmap: 1
  m_PreserveUVs: 0
  m_IgnoreNormalsForChartDetection: 0
  m_ImportantGI: 0
  m_MinimumChartSize: 4
  m_AutoUVMaxDistance: .5
  m_AutoUVMaxAngle: 89
  m_LightmapParameters: {fileID: 0}
  m_SortingLayerID: 0
  m_SortingOrder: 0
--- !u!23 &2381874
MeshRenderer:
  m_ObjectHideFlags: 1
  m_PrefabParentObject: {fileID: 0}
  m_PrefabInternal: {fileID: 100100000}
  m_GameObject: {fileID: 144244}
  m_Enabled: 1
  m_CastShadows: 1
  m_ReceiveShadows: 1
  m_Materials:
  - {fileID: 2100000, guid: 6ee33daf1a285284eae4183d65e6f18e, type: 2}
  - {fileID: 2100000, guid: a4cf52e63f0958a48b7bc18d1b0d157e, type: 2}
  m_SubsetIndices: 
  m_StaticBatchRoot: {fileID: 0}
  m_UseLightProbes: 1
  m_ReflectionProbeUsage: 1
  m_ProbeAnchor: {fileID: 0}
  m_ScaleInLightmap: 1
  m_PreserveUVs: 0
  m_IgnoreNormalsForChartDetection: 0
  m_ImportantGI: 0
  m_MinimumChartSize: 4
  m_AutoUVMaxDistance: .5
  m_AutoUVMaxAngle: 89
  m_LightmapParameters: {fileID: 0}
  m_SortingLayerID: 0
  m_SortingOrder: 0
--- !u!33 &3361762
MeshFilter:
  m_ObjectHideFlags: 1
  m_PrefabParentObject: {fileID: 0}
  m_PrefabInternal: {fileID: 100100000}
  m_GameObject: {fileID: 147284}
  m_Mesh: {fileID: 4300000, guid: 1b07ca4423d57cc4fa49c0c3de30ab2b, type: 3}
--- !u!33 &3363090
MeshFilter:
  m_ObjectHideFlags: 1
  m_PrefabParentObject: {fileID: 0}
  m_PrefabInternal: {fileID: 100100000}
  m_GameObject: {fileID: 178304}
  m_Mesh: {fileID: 4300004, guid: 1b07ca4423d57cc4fa49c0c3de30ab2b, type: 3}
--- !u!33 &3397994
MeshFilter:
  m_ObjectHideFlags: 1
  m_PrefabParentObject: {fileID: 0}
  m_PrefabInternal: {fileID: 100100000}
  m_GameObject: {fileID: 144244}
  m_Mesh: {fileID: 4300002, guid: 1b07ca4423d57cc4fa49c0c3de30ab2b, type: 3}
--- !u!114 &11491096
MonoBehaviour:
  m_ObjectHideFlags: 1
  m_PrefabParentObject: {fileID: 0}
  m_PrefabInternal: {fileID: 100100000}
  m_GameObject: {fileID: 195254}
  m_Enabled: 1
  m_EditorHideFlags: 0
  m_Script: {fileID: 11500000, guid: dc24e22e7f184c44682066b69cea9e6e, type: 3}
  m_Name: 
  m_EditorClassIdentifier: 
  equipPos: {x: -.216000006, y: 0, z: -.0179999992}
  equipRot: {x: 0, y: 0, z: 90}
--- !u!205 &20528932
LODGroup:
  m_ObjectHideFlags: 1
  m_PrefabParentObject: {fileID: 0}
  m_PrefabInternal: {fileID: 100100000}
  m_GameObject: {fileID: 195254}
  serializedVersion: 2
  m_LocalReferencePoint: {x: 0, y: .0130630136, z: .0017645061}
  m_Size: .5878461
  m_FadeMode: 0
  m_AnimateCrossFading: 0
  m_LODs:
  - screenRelativeHeight: .696584582
    fadeTransitionWidth: 0
    renderers:
    - renderer: {fileID: 2325218}
  - screenRelativeHeight: .0986390188
    fadeTransitionWidth: 0
    renderers:
    - renderer: {fileID: 2381874}
  - screenRelativeHeight: .00110533484
    fadeTransitionWidth: 0
    renderers:
    - renderer: {fileID: 2327050}
  m_Enabled: 1
--- !u!1001 &100100000
Prefab:
  m_ObjectHideFlags: 1
  serializedVersion: 2
  m_Modification:
    m_TransformParent: {fileID: 0}
    m_Modifications:
    - target: {fileID: 0}
      propertyPath: equipPos.x
      value: -.216000006
      objectReference: {fileID: 0}
    - target: {fileID: 0}
      propertyPath: equipPos.z
      value: -.0179999992
      objectReference: {fileID: 0}
    - target: {fileID: 0}
      propertyPath: equipRot.z
      value: 90
      objectReference: {fileID: 0}
    - target: {fileID: 0}
      propertyPath: m_Layer
      value: 15
      objectReference: {fileID: 0}
    m_RemovedComponents: []
  m_ParentPrefab: {fileID: 0}
  m_RootGameObject: {fileID: 195254}
  m_IsPrefabParent: 1
